@comment{Thêm các bài báo của bạn ở đây}