@article{g-fpc-01,
 author =      "A. Genius",
 title =       "First paper cited",
 journal =     "Journal of Something",
 volume =      "10",
 year =        2001,
 pages =       "371-378"
}

@article{g-spc-03,
 author =      "A. Normal",
 title =       "Second paper cited",
 journal =     "Journal of Something Else",
 volume =      "11",
 year =        2003,
 pages =       "234-567"
}

@article{g-tpc-99,
 author =      "A. Person",
 title =       "Third paper cited",
 journal =     "Journal of Nothing",
 volume =      "9",
 year =        1999,
 pages =       "89-10"
}
