@book{Rosen2011,
title={Discrete mathematics and its applications},
author={Rosen, Kenneth H.},
year={2011},
publisher={New York: McGraw-Hill}
}
