@Manual{oetiker99:_not_so_short_introd_latex,
  title = 	 {The Not So Short
Introduction to \LaTeX2e},
  author =	 {Oetiker, Tobias and Partl, Hubert and Hyna, Irene and Schlegl, Elisabeth},
  edition =	 {3.3},
  year =	 1999,
  note =	 {available at \href{http://www.loria.fr/services/tex/general/lshort2e.pdf}{\texttt{http://www.loria.fr/services/tex/general/lshort2e.pdf}}}
}

@inproceedings{berthaud:hal-01002815,
  TITLE = {{EPISCIENCES - an overlay publication platform}},
  AUTHOR = {Berthaud, Christine and Capelli, Laurent and Gustedt, Jens and Kirchner, Claude and Loiseau, Kevin and Magron, Agn{\`e}s and Medves, Maud and Monteil, Alain and Riverieux, Ga{\"e}lle and Romary, Laurent},
  URL = {https://hal.inria.fr/hal-01002815},
  BOOKTITLE = {{ELPUB2014 - International Conference on Electronic Publishing}},
  ADDRESS = {Thessalonique, Greece},
  ORGANIZATION = {{Alexander Technological Education Institute of Thessaloniki}},
  EDITOR = {Dr. Panayiota Polydoratou},
  PUBLISHER = {{IOS Press}},
  PAGES = {78-87},
  YEAR = {2014},
  MONTH = Jun,
  DOI = {10.3233/978-1-61499-409-1-78},
  KEYWORDS = {Overlay journal ; Editorial platform ; Scholarly communication ; Repositories ; Open Access},
  PDF = {https://hal.inria.fr/hal-01002815/file/STAL9781614994091-0078.pdf},
  HAL_ID = {hal-01002815},
  HAL_VERSION = {v2},
}
